This file was created with JabRef 2.1 beta 2.
Encoding: GB2312

@inproceedings{DBLP:journals/corr/SzegedyZSBEGF13,
  author    = {Christian Szegedy and
               Wojciech Zaremba and
               Ilya Sutskever and
               Joan Bruna and
               Dumitru Erhan and
               Ian J. Goodfellow and
               Rob Fergus},
  editor    = {Yoshua Bengio and
               Yann LeCun},
  title     = {Intriguing properties of neural networks},
  booktitle = {2nd International Conference on Learning Representations, {ICLR} 2014,
               Banff, AB, Canada, April 14-16, 2014, Conference Track Proceedings},
  year      = {2014},
  url       = {http://arxiv.org/abs/1312.6199},
  timestamp = {Thu, 25 Jul 2019 14:35:25 +0200},
  biburl    = {https://dblp.org/rec/journals/corr/SzegedyZSBEGF13.bib},
  bibsource = {dblp computer science bibliography, https://dblp.org}
}

@article{DBLP:journals/corr/abs-1810-00069,
  author    = {Anirban Chakraborty and
               Manaar Alam and
               Vishal Dey and
               Anupam Chattopadhyay and
               Debdeep Mukhopadhyay},
  title     = {Adversarial Attacks and Defences: {A} Survey},
  journal   = {CoRR},
  volume    = {abs/1810.00069},
  year      = {2018},
  url       = {http://arxiv.org/abs/1810.00069},
  eprinttype = {arXiv},
  eprint    = {1810.00069},
  timestamp = {Tue, 17 Sep 2019 14:15:24 +0200},
  biburl    = {https://dblp.org/rec/journals/corr/abs-1810-00069.bib},
  bibsource = {dblp computer science bibliography, https://dblp.org}
}

@inproceedings{DBLP:conf/iclr/LiuCLS17,
  author    = {Yanpei Liu and
               Xinyun Chen and
               Chang Liu and
               Dawn Song},
  title     = {Delving into Transferable Adversarial Examples and Black-box Attacks},
  booktitle = {5th International Conference on Learning Representations, {ICLR} 2017,
               Toulon, France, April 24-26, 2017, Conference Track Proceedings},
  publisher = {OpenReview.net},
  year      = {2017},
  url       = {https://openreview.net/forum?id=Sys6GJqxl},
  timestamp = {Thu, 25 Jul 2019 14:25:45 +0200},
  biburl    = {https://dblp.org/rec/conf/iclr/LiuCLS17.bib},
  bibsource = {dblp computer science bibliography, https://dblp.org}
}

@inproceedings{DBLP:conf/iclr/KurakinGB17,
  author    = {Alexey Kurakin and
               Ian J. Goodfellow and
               Samy Bengio},
  title     = {Adversarial Machine Learning at Scale},
  booktitle = {5th International Conference on Learning Representations, {ICLR} 2017,
               Toulon, France, April 24-26, 2017, Conference Track Proceedings},
  publisher = {OpenReview.net},
  year      = {2017},
  url       = {https://openreview.net/forum?id=BJm4T4Kgx},
  timestamp = {Thu, 25 Jul 2019 14:25:40 +0200},
  biburl    = {https://dblp.org/rec/conf/iclr/KurakinGB17.bib},
  bibsource = {dblp computer science bibliography, https://dblp.org}
}